@incollection{waters2011ciphertext,
  title={Ciphertext-policy attribute-based encryption: An expressive, efficient, and provably secure realization},
  author={Waters, Brent},
  booktitle={Public Key Cryptography--PKC 2011},
  pages={53--70},
  year={2011},
  publisher={Springer}
}

@misc{cryptoeprint:2011:617,
    author = {Joseph A. Akinyele and Matthew D. Green and Avi D. Rubin},
    title = {Charm: A framework for Rapidly Prototyping Cryptosystems},
    howpublished = {Cryptology ePrint Archive, Report 2011/617},
    year = {2011},
    note = {\url{http://eprint.iacr.org/}},
}