@inproceedings{hacigumucs2002executing,
  title={Executing SQL over encrypted data in the database-service-provider model},
  author={Hacig{\"u}m{\"u}{\c{s}}, Hakan and Iyer, Bala and Li, Chen and Mehrotra, Sharad},
  booktitle={Proceedings of the 2002 ACM SIGMOD international conference on Management of data},
  pages={216--227},
  year={2002},
  organization={ACM}
}